########## GANs ##########
@inproceedings{goodfellow2014generative,
  title={Generative adversarial nets},
  author={Goodfellow, Ian and Pouget-Abadie, Jean and Mirza, Mehdi and Xu, Bing and Warde-Farley, David and Ozair, Sherjil and Courville, Aaron and Bengio, Yoshua},
  booktitle={Advances in neural information processing systems},
  pages={2672--2680},
  year={2014}
}

@article{mao2016least,
  title={Least squares generative adversarial networks},
  author={Mao, Xudong and Li, Qing and Xie, Haoran and Lau, Raymond YK and Wang, Zhen and Smolley, Stephen Paul},
  journal={arXiv preprint ArXiv:1611.04076},
  year={2016}
}

@article{arjovsky2017wasserstein,
  title={Wasserstein gan},
  author={Arjovsky, Martin and Chintala, Soumith and Bottou, L{\'e}on},
  journal={arXiv preprint arXiv:1701.07875},
  year={2017}
}

@article{gulrajani2017improved,
  title={Improved training of wasserstein gans},
  author={Gulrajani, Ishaan and Ahmed, Faruk and Arjovsky, Martin and Dumoulin, Vincent and Courville, Aaron},
  journal={arXiv preprint arXiv:1704.00028},
  year={2017}
}

@article{radford2015unsupervised,
  title={Unsupervised representation learning with deep convolutional generative adversarial networks},
  author={Radford, Alec and Metz, Luke and Chintala, Soumith},
  journal={arXiv preprint arXiv:1511.06434},
  year={2015}
}

@inproceedings{salimans2016improved,
  title={Improved techniques for training gans},
  author={Salimans, Tim and Goodfellow, Ian and Zaremba, Wojciech and Cheung, Vicki and Radford, Alec and Chen, Xi},
  booktitle={Advances in Neural Information Processing Systems},
  pages={2234--2242},
  year={2016}
}

@article{zhao2016energy,
  title={Energy-based generative adversarial network},
  author={Zhao, Junbo and Mathieu, Michael and LeCun, Yann},
  journal={arXiv preprint arXiv:1609.03126},
  year={2016}
}

@article{mirza2014conditional,
  title={Conditional generative adversarial nets},
  author={Mirza, Mehdi and Osindero, Simon},
  journal={arXiv preprint arXiv:1411.1784},
  year={2014}
}

@article{arjovsky2017towards,
  title={Towards principled methods for training generative adversarial networks},
  author={Arjovsky, Martin and Bottou, L{\'e}on},
  journal={arXiv preprint arXiv:1701.04862},
  year={2017}
}

@article{li2017watergan,
  title={WaterGAN: Unsupervised Generative Network to Enable Real-time Color Correction of Monocular Underwater Images},
  author={Li, Jie and Skinner, Katherine A and Eustice, Ryan M and Johnson-Roberson, Matthew},
  journal={arXiv preprint arXiv:1702.07392},
  year={2017}
}

@article{isola2016image,
  title={Image-to-image translation with conditional adversarial networks},
  author={Isola, Phillip and Zhu, Jun-Yan and Zhou, Tinghui and Efros, Alexei A},
  journal={arXiv preprint arXiv:1611.07004},
  year={2016}
}

@article{zhu2017unpaired,
  title={Unpaired image-to-image translation using cycle-consistent adversarial networks},
  author={Zhu, Jun-Yan and Park, Taesung and Isola, Phillip and Efros, Alexei A},
  journal={arXiv preprint arXiv:1703.10593},
  year={2017}
}

@article{bao2017cvae,
  title={{CVAE-GAN}: Fine-Grained Image Generation through Asymmetric Training},
  author={Bao, Jianmin and Chen, Dong and Wen, Fang and Li, Houqiang and Hua, Gang},
  journal={arXiv preprint arXiv:1703.10155},
  year={2017}
 }


########## Colorization ##########
@inproceedings{zhang2016colorful,
  title={Colorful image colorization},
  author={Zhang, Richard and Isola, Phillip and Efros, Alexei A},
  booktitle={European Conference on Computer Vision},
  pages={649--666},
  year={2016},
  organization={Springer}
}

@inproceedings{torres2005color,
  title={Color correction of underwater images for aquatic robot inspection},
  author={Torres-M{\'e}ndez, Luz Abril and Dudek, Gregory},
  booktitle={EMMCVPR},
  pages={60--73},
  year={2005},
  organization={Springer}
}

@article{iizuka2016let,
  title={Let there be color!: joint end-to-end learning of global and local image priors for automatic image colorization with simultaneous classification},
  author={Iizuka, Satoshi and Simo-Serra, Edgar and Ishikawa, Hiroshi},
  journal={ACM Transactions on Graphics (TOG)},
  volume={35},
  number={4},
  pages={110},
  year={2016},
  publisher={ACM}
}

@article{ba2016layer,
  title={Layer normalization},
  author={Ba, Jimmy Lei and Kiros, Jamie Ryan and Hinton, Geoffrey E},
  journal={arXiv preprint arXiv:1607.06450},
  year={2016}
}

@inproceedings{nair2010rectified,
  title={Rectified linear units improve restricted boltzmann machines},
  author={Nair, Vinod and Hinton, Geoffrey E},
  booktitle={Proceedings of the 27th international conference on machine learning (ICML-10)},
  pages={807--814},
  year={2010}
}

@inproceedings{pathak2016context,
  title={Context encoders: Feature learning by inpainting},
  author={Pathak, Deepak and Krahenbuhl, Philipp and Donahue, Jeff and Darrell, Trevor and Efros, Alexei A},
  booktitle={Proceedings of the IEEE Conference on Computer Vision and Pattern Recognition},
  pages={2536--2544},
  year={2016}
}

@InProceedings{Gatys_2016_CVPR,
author = {Gatys, Leon A. and Ecker, Alexander S. and Bethge, Matthias},
title = {Image Style Transfer Using Convolutional Neural Networks},
booktitle = {The IEEE Conference on Computer Vision and Pattern Recognition (CVPR)},
month = {June},
year = {2016}
}


@inproceedings{shkurti2012multi,
  title={Multi-domain monitoring of marine environments using a heterogeneous robot team},
  author={Shkurti, Florian and Xu, Anqi and Meghjani, Malika and Higuera, Juan Camilo Gamboa and Girdhar, Yogesh and Giguere, Philippe and Dey, Bir Bikram and Li, Jimmy and Kalmbach, Arnold and Prahacs, Chris and others},
  booktitle={Intelligent Robots and Systems (IROS), 2012 IEEE/RSJ International Conference on},
  pages={1747--1753},
  year={2012},
  organization={IEEE}
}

@incollection{whitcomb2000advances,
  title={Advances in underwater robot vehicles for deep ocean exploration: Navigation, control, and survey operations},
  author={Whitcomb, Louis and Yoerger, Dana R and Singh, Hanumant and Howland, Jonathan},
  booktitle={Robotics Research},
  pages={439--448},
  year={2000},
  publisher={Springer}
}
  
@inproceedings{deng2009imagenet,
  title={Imagenet: A large-scale hierarchical image database},
  author={Deng, Jia and Dong, Wei and Socher, Richard and Li, Li-Jia and Li, Kai and Fei-Fei, Li},
  booktitle={Computer Vision and Pattern Recognition, 2009. CVPR 2009. IEEE Conference on},
  pages={248--255},
  year={2009},
  organization={IEEE}
}


@inproceedings{ronneberger2015u,
  title={U-net: Convolutional networks for biomedical image segmentation},
  author={Ronneberger, Olaf and Fischer, Philipp and Brox, Thomas},
  booktitle={International Conference on Medical Image Computing and Computer-Assisted Intervention},
  pages={234--241},
  year={2015},
  organization={Springer}
}

@inproceedings{johnson2016perceptual,
  title={Perceptual losses for real-time style transfer and super-resolution},
  author={Johnson, Justin and Alahi, Alexandre and Fei-Fei, Li},
  booktitle={European Conference on Computer Vision},
  pages={694--711},
  year={2016},
  organization={Springer}
}

@InProceedings{pmlr-v37-ioffe15,
  title = 	 {Batch Normalization: Accelerating Deep Network Training by Reducing Internal Covariate Shift},
  author = 	 {Sergey Ioffe and Christian Szegedy},
  booktitle = 	 {Proceedings of the 32nd International Conference on Machine Learning},
  pages = 	 {448--456},
  year = 	 {2015},
  editor = 	 {Francis Bach and David Blei},
  volume = 	 {37},
  series = 	 {Proceedings of Machine Learning Research},
  address = 	 {Lille, France},
  month = 	 {07--09 Jul},
  publisher = 	 {PMLR},
  pdf = 	 {http://proceedings.mlr.press/v37/ioffe15.pdf},
  url = 	 {http://proceedings.mlr.press/v37/ioffe15.html},
  abstract = 	 {Training Deep Neural Networks is complicated by the fact that the distribution of each layerâ€™s inputs changes during training, as the parameters of the previous layers change. This slows down the training by requiring lower learning rates and careful parameter initialization, and makes it notoriously hard to train models with saturating nonlinearities. We refer to this phenomenon as internal covariate shift, and address the problem by normalizing layer inputs. Our method draws its strength from making normalization a part of the model architecture and performing the normalization for each training mini-batch. Batch Normalization allows us to use much higher learning rates and be less careful about initialization, and in some cases eliminates the need for Dropout. Applied to a stateof-the-art image classification model, Batch Normalization achieves the same accuracy with 14 times fewer training steps, and beats the original model by a significant margin. Using an ensemble of batch-normalized networks, we improve upon the best published result on ImageNet classification: reaching 4.82% top-5 test error, exceeding the accuracy of human raters.}
}

@article{kingma2014adam,
  title={Adam: A method for stochastic optimization},
  author={Kingma, Diederik and Ba, Jimmy},
  journal={arXiv preprint arXiv:1412.6980},
  year={2014}
}

@article{abadi2016tensorflow,
  title={Tensorflow: Large-scale machine learning on heterogeneous distributed systems},
  author={Abadi, Mart{\'\i}n and Agarwal, Ashish and Barham, Paul and Brevdo, Eugene and Chen, Zhifeng and Citro, Craig and Corrado, Greg S and Davis, Andy and Dean, Jeffrey and Devin, Matthieu and others},
  journal={arXiv preprint arXiv:1603.04467},
  year={2016}
}

@InProceedings{Luan_2017_CVPR,
author = {Luan, Fujun and Paris, Sylvain and Shechtman, Eli and Bala, Kavita},
title = {Deep Photo Style Transfer},
booktitle = {The IEEE Conference on Computer Vision and Pattern Recognition (CVPR)},
month = {July},
year = {2017}
}

@article{mathieu2015deep,
  title={Deep multi-scale video prediction beyond mean square error},
  author={Mathieu, Michael and Couprie, Camille and LeCun, Yann},
  journal={arXiv preprint arXiv:1511.05440},
  year={2015}
}

@book{villani2008optimal,
  title={Optimal transport: old and new},
  author={Villani, C{\'e}dric},
  volume={338},
  year={2008},
  publisher={Springer Science \& Business Media}
}

@inproceedings{islam2017mixed,
  title={Mixed-domain biological motion tracking for underwater human-robot interaction},
  author={Islam, Md Jahidul and Sattar, Junaed},
  booktitle={2017 IEEE International Conference on Robotics and Automation (ICRA)},
  pages={4457--4464},
  year={2017},
  organization={IEEE}
}

@inproceedings{shkurti2017underwater,
  title={Underwater Multi-Robot Convoying using Visual Tracking by Detection},
  author={Shkurti, Florian and Chang, Wei-Di and Henderson, Peter and Islam, Md Jahidul and Higuera, Juan Camilo Gamboa and Li, Jimmy and Manderson, Travis and Xu, Anqi and Dudek, Gregory and Sattar, Junaed},
  booktitle={2017 IEEE International Conference on Intelligent Robots and Systems},
  year={2017},
  organization={IEEE}
}


@article{canny1986computational,
  title={A computational approach to edge detection},
  author={Canny, John},
  journal={IEEE Transactions on pattern analysis and machine intelligence},
  number={6},
  pages={679--698},
  year={1986},
  publisher={Ieee}
}

@article{ulyanov2016instance,
  title={Instance normalization: The missing ingredient for fast stylization},
  author={Ulyanov, Dmitry and Vedaldi, Andrea and Lempitsky, Victor},
  journal={arXiv preprint arXiv:1607.08022},
  year={2016}
}

@inproceedings{krizhevsky2012imagenet,
  title={Imagenet classification with deep convolutional neural networks},
  author={Krizhevsky, Alex and Sutskever, Ilya and Hinton, Geoffrey E},
  booktitle={Advances in neural information processing systems},
  pages={1097--1105},
  year={2012}
}

@book{jordt2014underwater,
  title={Underwater 3D reconstruction based on physical models for refraction and underwater light propagation},
  author={Jordt, Anne},
  year={2014},
  publisher={Department of Computer Science, Univ. Kiel}
}

@inproceedings{li2016precomputed,
  title={Precomputed real-time texture synthesis with markovian generative adversarial networks},
  author={Li, Chuan and Wand, Michael},
  booktitle={European Conference on Computer Vision},
  pages={702--716},
  year={2016},
  organization={Springer}
}

@article{bingham2010robotic,
  title={Robotic tools for deep water archaeology: Surveying an ancient shipwreck with an autonomous underwater vehicle},
  author={Bingham, Brian and Foley, Brendan and Singh, Hanumant and Camilli, Richard and Delaporta, Katerina and Eustice, Ryan and Mallios, Angelos and Mindell, David and Roman, Christopher and Sakellariou, Dimitris},
  journal={Journal of Field Robotics},
  volume={27},
  number={6},
  pages={702--717},
  year={2010},
  publisher={Wiley Online Library}
}
