@article{bao2017cvae,
  title={{CVAE-GAN}: Fine-Grained Image Generation through Asymmetric Training},
  author={Bao, Jianmin and Chen, Dong and Wen, Fang and Li, Houqiang and Hua, Gang},
  journal={arXiv preprint arXiv:1703.10155},
  year={2017}
 }
  
@inproceedings{deng2009imagenet,
  title={Imagenet: A large-scale hierarchical image database},
  author={Deng, Jia and Dong, Wei and Socher, Richard and Li, Li-Jia and Li, Kai and Fei-Fei, Li},
  booktitle={Computer Vision and Pattern Recognition, 2009. CVPR 2009. IEEE Conference on},
  pages={248--255},
  year={2009},
  organization={IEEE}
}

@article{deng2012mnist,
  title={{The MNIST database of handwritten digit images for machine learning research [best of the web]}},
  author={Deng, Li},
  journal={IEEE Signal Processing Magazine},
  volume={29},
  number={6},
  pages={141--142},
  year={2012},
  publisher={IEEE}
}

@inproceedings{dosovitskiy2015learning,
  title={Learning to generate chairs with convolutional neural networks},
  author={Dosovitskiy, Alexey and Tobias Springenberg, Jost and Brox, Thomas},
  booktitle={Proceedings of the IEEE Conference on Computer Vision and Pattern Recognition},
  pages={1538--1546},
  year={2015}
}

@inproceedings{goodfellow2014generative,
  title={Generative adversarial nets},
  author={Goodfellow, Ian and Pouget-Abadie, Jean and Mirza, Mehdi and Xu, Bing and Warde-Farley, David and Ozair, Sherjil and 
Courville, Aaron and Bengio, Yoshua},
  booktitle={Advances in neural information processing systems},
  pages={2672--2680},
  year={2014}
}

@article{hinton2006reducing,
  title={Reducing the dimensionality of data with neural networks},
  author={Hinton, Geoffrey E and Salakhutdinov, Ruslan R},
  journal={science},
  volume={313},
  number={5786},
  pages={504--507},
  year={2006},
  publisher={American Association for the Advancement of Science}
}

@inproceedings{johnson2016perceptual,
  title={Perceptual losses for real-time style transfer and super-resolution},
  author={Johnson, Justin and Alahi, Alexandre and Fei-Fei, Li},
  booktitle={European Conference on Computer Vision},
  pages={694--711},
  year={2016},
  organization={Springer}
}

@article{kingma2013auto,
  title={Auto-encoding variational bayes},
  author={Kingma, Diederik P and Welling, Max},
  journal={arXiv preprint arXiv:1312.6114},
  year={2013}
}

@article{kingma2014adam,
  title={Adam: A method for stochastic optimization},
  author={Kingma, Diederik and Ba, Jimmy},
  journal={arXiv preprint arXiv:1412.6980},
  year={2014}
}

@Misc{cifar10Online,
 title = {{The CIFAR-10 Dataset}},
 howpublished = {Online:https://www.cs.toronto.edu/~kriz/cifar.html}
}

@article{larsen2015autoencoding,
  title={Autoencoding beyond pixels using a learned similarity metric},
  author={Larsen, Anders Boesen Lindbo and S{\o}nderby, S{\o}ren Kaae and Larochelle, Hugo and Winther, Ole},
  journal={arXiv preprint arXiv:1512.09300},
  year={2015}
}

@InProceedings{Luan_2017_CVPR,
author = {Luan, Fujun and Paris, Sylvain and Shechtman, Eli and Bala, Kavita},
title = {Deep Photo Style Transfer},
booktitle = {The IEEE Conference on Computer Vision and Pattern Recognition (CVPR)},
month = {July},
year = {2017}
}

@article{mirza2014conditional,
  title={Conditional generative adversarial nets},
  author={Mirza, Mehdi and Osindero, Simon},
  journal={arXiv preprint arXiv:1411.1784},
  year={2014}
}

@article{odena2016conditional,
  title={{Conditional image synthesis with auxiliary classifier GANs}},
  author={Odena, Augustus and Olah, Christopher and Shlens, Jonathon},
  journal={arXiv preprint arXiv:1610.09585},
  year={2016}
}

@article{perarnau2016invertible,
  title={{Invertible Conditional GANs for image editing}},
  author={Perarnau, Guim and van de Weijer, Joost and Raducanu, Bogdan and {\'A}lvarez, Jose M},
  journal={arXiv preprint arXiv:1611.06355},
  year={2016}
}

@article{radford2015unsupervised,
  title={Unsupervised representation learning with deep convolutional generative adversarial networks},
  author={Radford, Alec and Metz, Luke and Chintala, Soumith},
  journal={arXiv preprint arXiv:1511.06434},
  year={2015}
}

@inproceedings{yan2016attribute2image,
  title={Attribute2image: Conditional image generation from visual attributes},
  author={Yan, Xinchen and Yang, Jimei and Sohn, Kihyuk and Lee, Honglak},
  booktitle={European Conference on Computer Vision},
  pages={776--791},
  year={2016},
  organization={Springer}
}

@inproceedings{zhu2016generative,
  title={Generative visual manipulation on the natural image manifold},
  author={Zhu, Jun-Yan and Kr{\"a}henb{\"u}hl, Philipp and Shechtman, Eli and Efros, Alexei A},
  booktitle={European Conference on Computer Vision},
  pages={597--613},
  year={2016},
  organization={Springer}
}
